% bmc_article.bib
% 
%  An example of bibtex entries.
%  Entries taken from BMC instructions for authors page.

% uncomment next line to make author-year bibliography
% @settings{label, options="nameyear"}


% Article within a journal
@ARTICLE{koon,
	author  = {Koonin, E V and Altschul, S F and P Bork}, 
	title   = {BRCA1 protein products: functional motifs}, 
	journal = {Nat Genet}, 
	year    = {1996},
	volume  = {13}, 
	pages   = {266-267}
}	

% Article within a journal supplement
@ARTICLE{oreg,
	author  = {Orengo, C A and Bray, J E and Hubbard, 
		   T and LoConte, L and Sillitoe, I}, 
	title   = {Analysis and assessment of ab initio 
		   three-dimensional prediction, secondary 
		   structure, and contacts prediction},
	journal = {Proteins}, 
	year    = {1999},
	volume  = {Suppl 3}, 
	pages   = {149-170}
}	

% In press article
@inpress{khar,
	author  = {Kharitonov, S A and Barnes, P J}, 
	title   = {Clinical aspects of exhaled nitric oxide},
	journal = {Eur Respir J}, 
	note    = {in press} 
}	

%
% Published abstract
%
@ARTICLE{zvai,
	author  = {Zvaifler, N J and Burger, J A and Marinova-Mutafchieva, 
		   L and Taylor, P and Maini, R N},
	title   = {Mesenchymal cells, stromal derived factor-1 and 
		   rheumatoid arthritis [abstract]},
	journal = {Arthritis Rheum}, 
	year    = {1999},
	volume  = {42}, 
	pages   = {s250},
}	


%
% Article within conference proceedings
%
@Inproceedings{xjon,
	author    = {X Jones}, 
	title     = {Zeolites and synthetic mechanisms},
	booktitle = {Proceedings of the First National Conference on 
		     Porous Sieves: 27-30 June 1996; Baltimore},
	year      = {1996},
	  editor  = {Y Smith}, 
	  pages   = {16-27},
	  organization  = {Stoneham: Butterworth-Heinemann}
}	

%%%%%%%%
%  Book chapter, or article within a book
%
@incollection{schn,
	author    = {E Schnepf}, 
	title     = {From prey via endosymbiont to plastids: 
		     comparative studies in dinoflagellates},
	booktitle = {Origins of Plastids}, 
	editor    = {R A Lewin}, 
	publisher = {Chapman and Hall},
	pages     = {53-76}, 
	year      = {1993},
	  address = {New York}, 
	  volume  = {2}, 
	  edition = {2nd} 
}	

%%%%%%%%
% Whole issue of journal
%
@wholejournal{pond,
	editor  = {B Ponder and S Johnston and L Chodosh}, 
	title   = {Innovative oncology},
	journal = {Breast Cancer Res}, 
	year  = {1998},
	  volume= {10}, 
	  pages = {1-72}
}	


%%%%%%%%
% Whole conference proceedings
%
@proceedings{smith,
	editor  = {Y Smith}, 
	title   = {Proceedings of the First National Conference
		   on Porous Sieves: 27-30 June 1996; Baltimore},
	year = 1996,
	  address= {Stoneham}, 
	  publisher = {Butterworth-Heinemann},
}	


%%%%%%%%
% Complete book
%
@book{marg,
	author    = {L Margulis}, 
	title     = {Origin of Eukaryotic Cells},
	publisher = {Yale University Press}, 
	year      = {1970},
	address   = {New Haven} 
}



%%%%%%%%
% Monograph or book in series 
%
@incollection{hunn,
	author    = {G W Hunninghake and J E Gadek}, 
	title     = {The alveloar macrophage},
	booktitle = {Cultured Human Cells and Tissues},
	publisher = {Academic Press}, 
	year      = {1995},
  pages      = {54-56},
	  editor   = {T J R Harris}, 
	  address  = {New York}, 
	  note     = {Stoner G (Series Editor): Methods and Perspectives in Cell Biology, vol 1} 
}


%%%%%%%%
% Book with institutional author
@manual{advi,
	  title   = {Annual Report}, 
	    organization  = {Advisory Committee on Genetic Modification}, 
	    address = {London},
	    year    = {1999}
}


%%%%%%%%
% PHD Thesis
%
@phdthesis{koha,
	author = {R Kohavi}, 
	title  = {Wrappers for performance enhancement and
		  obvious decision graphs},
	school = {Stanford University, Computer Science Department},
	year   = {1995}
}

%%%%%%%%
% Webpage Link / URL
%
@webpage{mouse,
	title  = {The Mouse Tumor Biology Database},
	url = {http://tumor.informatics.jax.org/cancer\_links.html}
}

@article{napier1956prehensile,
  title={The prehensile movements of the human hand},
  author={Napier, John R},
  journal={Bone \& Joint Journal},
  volume={38},
  number={4},
  pages={902--913},
  year={1956},
  publisher={Bone and Joint Journal}
}

@article{marzke1997precision,
  title={Precision grips, hand morphology, and tools},
  author={Marzke, Mary W},
  journal={American Journal of Physical Anthropology},
  volume={102},
  number={1},
  pages={91--110},
  year={1997},
  publisher={Wiley Online Library}
}

@article{marzke1992evolution,
  title={Evolution of the power (“squeeze”) grip and its morphological correlates in hominids},
  author={Marzke, MW and Wullstein, KL and Viegas, SF},
  journal={American Journal of Physical Anthropology},
  volume={89},
  number={3},
  pages={283--298},
  year={1992},
  publisher={Wiley Online Library}
}

@inproceedings{flatt2002our,
  title={Our thumbs},
  author={Flatt, Adrian E},
  booktitle={Baylor University Medical Center Proceedings},
  volume={15},
  number={4},
  pages={380--387},
  year={2002},
  organization={Taylor \& Francis}
}

@article{frank1984physiology,
  title={Physiology and therapeutic value of passive joint motion.},
  author={Frank, C and Akeson, WH and Woo, SL and Amiel, D and Coutts, RD},
  journal={Clinical orthopaedics and related research},
  number={185},
  pages={113--125},
  year={1984}
}

@article{akeson1987effects,
  title={Effects of immobilization on joints.},
  author={Akeson, WH and Amiel, D and Abel, MF and Garfin, SR and Woo, S LY},
  journal={Clinical orthopaedics and related research},
  number={219},
  pages={28--37},
  year={1987}
}

@article{cyr1998controlled,
  title={How controlled stress affects healing tissues},
  author={Cyr, Lisa M and Ross, Robert G},
  journal={Journal of Hand Therapy},
  volume={11},
  number={2},
  pages={125--130},
  year={1998},
  publisher={Elsevier}
}

@article{gelberman1981influence,
  title={The influence of protected passive mobilization on the healing of flexor tendons: a biochemical and microangiography study},
  author={Gelberman, RH and Amifl, D and Gonsalves, M and Woo, S and Akeson, WH},
  journal={Hand},
  number={2},
  pages={120--128},
  year={1981},
  publisher={SAGE Publications Sage UK: London, England}
}

@article{kleim1998functional,
  title={Functional reorganization of the rat motor cortex following motor skill learning},
  author={Kleim, Jeffrey A and Barbay, Scott and Nudo, Randolph J},
  journal={Journal of neurophysiology},
  volume={80},
  number={6},
  pages={3321--3325},
  year={1998},
  publisher={Am Physiological Soc}
}


@incollection{colditz2011,
	author      = "Colditz, Judy C",
      title       = "Therapist’s Management of the Stiff Hand",
      editor      = "Skirven, Terri and Osterman, A and  Fedorczyk, Jane and Amadio,  Peter",
      booktitle   = "Rehabilitation of the Hand and Upper Extremity",
      publisher   = "Elsevier Mosby",
      address = "U.S.",
      year        = 2011,
      pages       = "894-925",
      chapter     = 67,
    }
